@article{fernandez2002micropower,
  title={Micropower generation using combustion: Issues and approaches},
  author={Fernandez-Pello, A. Carlos},
  journal={Proceedings of the Combustion Institute},
  volume={29},
  number={1},
  pages={883--899},
  year={2002},
  publisher={Elsevier}
}

@article{maruta2011micro,
  title={Micro and mesoscale combustion},
  author={Maruta, Kaoru},
  journal={Proceedings of the Combustion Institute},
  volume={33},
  number={1},
  pages={125--150},
  year={2011},
  publisher={Elsevier}
}

@article{ronney2003analysis,
  title={Analysis of non-adiabatic heat-recirculating combustors},
  author={Ronney, Paul D},
  journal={Combustion and Flame},
  volume={135},
  number={4},
  pages={421--439},
  year={2003},
  publisher={Elsevier}
}

@article{waitz1998combustors,
  title={Combustors for micro-gas turbine engines},
  author={Waitz, Ian A and Gauba, Gautam and Tzeng, Yang-Sheng},
  journal={Journal of Fluids Engineering},
  volume={120},
  number={1},
  pages={109--117},
  year={1998},
  publisher={American Society of Mechanical Engineers}
}

@article{frazier2014metal,
  title={Metal additive manufacturing: a review},
  author={Frazier, William E},
  journal={Journal of Materials Engineering and Performance},
  volume={23},
  number={6},
  pages={1917--1928},
  year={2014},
  publisher={Springer}
}

@book{gibson2015additive,
  title={Additive manufacturing technologies: 3D printing, rapid prototyping, and direct digital manufacturing},
  author={Gibson, Ian and Rosen, David and Stucker, Brent},
  year={2015},
  publisher={Springer}
}

@article{ngo2018additive,
  title={Additive manufacturing (3D printing): A review of materials, methods, applications and challenges},
  author={Ngo, Tuan D and Kashani, Alireza and Imbalzano, Gabriele and Nguyen, Kate TQ and Hui, David},
  journal={Composites Part B: Engineering},
  volume={143},
  pages={172--196},
  year={2018},
  publisher={Elsevier}
}

@article{yap2015review,
  title={Review of selective laser melting: Materials and applications},
  author={Yap, CY and Chua, CK and Dong, ZL and Liu, ZH and Zhang, DQ and Loh, LE and Sing, SL},
  journal={Applied Physics Reviews},
  volume={2},
  number={4},
  pages={041101},
  year={2015},
  publisher={AIP Publishing}
}

@article{jager2000microfabricating,
  title={Microfabricating conjugated polymer actuators},
  author={Jager, Edwin WH and Smela, Elisabeth and Ingan{\"a}s, Olle},
  journal={Science},
  volume={290},
  number={5496},
  pages={1540--1545},
  year={2000},
  publisher={American Association for the Advancement of Science}
}

@book{otsuka1998shape,
  title={Shape memory materials},
  author={Otsuka, Kazuhiro and Wayman, Clarence Marvin},
  year={1998},
  publisher={Cambridge university press}
}

@article{pfeifer2007self,
  title={Self-organization, embodiment, and biologically inspired robotics},
  author={Pfeifer, Rolf and Lungarella, Max and Iida, Fumiya},
  journal={Science},
  volume={318},
  number={5853},
  pages={1088--1093},
  year={2007},
  publisher={American Association for the Advancement of Science}
}

@article{kim2013soft,
  title={Soft robotics: a bioinspired evolution in robotics},
  author={Kim, Sangbae and Laschi, Cecilia and Trimmer, Barry},
  journal={Trends in biotechnology},
  volume={31},
  number={5},
  pages={287--294},
  year={2013},
  publisher={Elsevier}
}

@article{tesar2008coanda,
  title={Coanda-effect devices for flow control},
  author={Tesar, Vaclav},
  journal={Proceedings of the Institution of Mechanical Engineers, Part C: Journal of Mechanical Engineering Science},
  volume={222},
  number={9},
  pages={1591--1609},
  year={2008},
  publisher={SAGE Publications}
}

@patent{bowles1962fluid,
  title={Fluid-operated control systems},
  author={Bowles, Raymond E and Horton, Billy M},
  year={1962},
  number={3,024,805},
  nationality={US}
}

@article{forster1965fluidic,
  title={Fluidic devices},
  author={Forster, K and Retallick, D},
  journal={Process Control and Automation},
  volume={12},
  pages={155--159},
  year={1965}
}

@book{adami1998introduction,
  title={Introduction to artificial life},
  author={Adami, Christoph},
  year={1998},
  publisher={Springer-Verlag}
}

@book{banzhaf1998genetic,
  title={Genetic programming: an introduction},
  author={Banzhaf, Wolfgang and Nordin, Peter and Keller, Robert E and Francone, Frank D},
  year={1998},
  publisher={Morgan Kaufmann Publishers Inc.}
}

@book{coello2007evolutionary,
  title={Evolutionary algorithms for solving multi-objective problems},
  author={Coello, Carlos A Coello and Lamont, Gary B and Van Veldhuizen, David A},
  year={2007},
  publisher={Springer Science \& Business Media}
}

@book{spector2012automatic,
  title={Automatic quantum computer programming: A genetic programming approach},
  author={Spector, Lee},
  year={2012},
  publisher={Springer Science \& Business Media}
}